<record><leader>02356nam a2200613 i 4500</leader><controlfield tag="001">6788506</controlfield><controlfield tag="003">CaONFJC</controlfield><controlfield tag="005">20150123094550.0</controlfield><controlfield tag="006">m        d        </controlfield><controlfield tag="007">cr||n|||||||||</controlfield><controlfield tag="008">141229s2015    nyua    ob    001 0 eng d</controlfield><datafield ind1=" " ind2=" " tag="020"><subfield code="a">9781617051067</subfield><subfield code="q">electronic bk.</subfield></datafield><datafield ind1=" " ind2=" " tag="020"><subfield code="a">1617051063</subfield><subfield code="q">electronic bk.</subfield></datafield><datafield ind1=" " ind2=" " tag="020"><subfield code="a">9781936287598</subfield></datafield><datafield ind1=" " ind2=" " tag="020"><subfield code="a">1936287595</subfield></datafield><datafield ind1=" " ind2=" " tag="020"><subfield code="a">9781322564494 (MyiLibrary)</subfield></datafield><datafield ind1=" " ind2=" " tag="035"><subfield code="a">ocn898894164</subfield></datafield><datafield ind1=" " ind2=" " tag="037"><subfield code="a">687731</subfield><subfield code="b">MIL</subfield></datafield><datafield ind1=" " ind2=" " tag="039"><subfield code="a">exclude</subfield></datafield><datafield ind1=" " ind2=" " tag="040"><subfield code="a">CaONFJC</subfield><subfield code="c">CaONFJC</subfield><subfield code="e">rda</subfield><subfield code="d">AEU</subfield></datafield><datafield ind1=" " ind2="4" tag="050"><subfield code="a">RC280.P7</subfield></datafield><datafield ind1="1" ind2="4" tag="060"><subfield code="a">WJ 762</subfield></datafield><datafield ind1=" " ind2="7" tag="072"><subfield code="a">HEA</subfield><subfield code="x">039030</subfield><subfield code="2">bisacsh</subfield></datafield><datafield ind1=" " ind2="7" tag="072"><subfield code="a">MED</subfield><subfield code="x">062000</subfield><subfield code="2">bisacsh</subfield></datafield><datafield ind1="0" ind2="4" tag="082"><subfield code="a">616.99/463</subfield><subfield code="2">23</subfield></datafield><datafield ind1=" " ind2=" " tag="090"><subfield code="a">Internet Access</subfield><subfield code="b">AEU</subfield></datafield><datafield ind1="0" ind2="0" tag="245"><subfield code="a">Prostate cancer</subfield><subfield code="h">[electronic resource] :</subfield><subfield code="b">a multidisciplinary approach to diagnosis and management /</subfield><subfield code="c">edited by Adam P. Dicker, William Kevin Kelly, Nicholas G. Zaorsky, Edouard J. Trabulsi ; illustrations by Nicholas G. Zaorsky.</subfield></datafield><datafield ind1=" " ind2="1" tag="264"><subfield code="a">New York :</subfield><subfield code="b">DemosMedical,</subfield><subfield code="c">[2015]</subfield></datafield><datafield ind1=" " ind2=" " tag="300"><subfield code="a">1 online resource :</subfield><subfield code="b">illustrations</subfield></datafield><datafield ind1=" " ind2=" " tag="336"><subfield code="a">text</subfield><subfield code="b">txt</subfield><subfield code="2">rdacontent</subfield></datafield><datafield ind1=" " ind2=" " tag="337"><subfield code="a">computer</subfield><subfield code="b">c</subfield><subfield code="2">rdamedia</subfield></datafield><datafield ind1=" " ind2=" " tag="338"><subfield code="a">online resource</subfield><subfield code="b">cr</subfield><subfield code="2">rdacarrier</subfield></datafield><datafield ind1="1" ind2=" " tag="490"><subfield code="a">Current multidisciplinary oncology series</subfield></datafield><datafield ind1=" " ind2=" " tag="504"><subfield code="a">Includes bibliographical references and index.</subfield></datafield><datafield ind1=" " ind2=" " tag="506"><subfield code="a">Access restricted to authorized users and institutions.</subfield></datafield><datafield ind1=" " ind2=" " tag="588"><subfield code="a">Description based on print version record.</subfield></datafield><datafield ind1=" " ind2=" " tag="596"><subfield code="a">44</subfield></datafield><datafield ind1=" " ind2="0" tag="650"><subfield code="a">Prostate</subfield><subfield code="x">Cancer</subfield><subfield code="x">Diagnosis.</subfield></datafield><datafield ind1=" " ind2="0" tag="650"><subfield code="a">Prostate</subfield><subfield code="x">Cancer</subfield><subfield code="x">Treatment.</subfield></datafield><datafield ind1=" " ind2="0" tag="650"><subfield code="a">Health care teams.</subfield></datafield><datafield ind1="1" ind2="2" tag="650"><subfield code="a">Prostatic Neoplasms</subfield><subfield code="x">diagnosis.</subfield></datafield><datafield ind1="2" ind2="2" tag="650"><subfield code="a">Early Detection of Cancer.</subfield></datafield><datafield ind1="2" ind2="2" tag="650"><subfield code="a">Patient Care Team.</subfield></datafield><datafield ind1="2" ind2="2" tag="650"><subfield code="a">Prognosis.</subfield></datafield><datafield ind1="2" ind2="2" tag="650"><subfield code="a">Prostate-Specific Antigen.</subfield></datafield><datafield ind1="2" ind2="2" tag="650"><subfield code="a">Prostatic Neoplasms</subfield><subfield code="x">therapy.</subfield></datafield><datafield ind1="1" ind2=" " tag="700"><subfield code="a">Dicker, Adam P.,</subfield><subfield code="e">editor.</subfield></datafield><datafield ind1="1" ind2=" " tag="700"><subfield code="a">Kelly, Wm. Kevin</subfield><subfield code="q">(William Kevin),</subfield><subfield code="e">editor.</subfield></datafield><datafield ind1="1" ind2=" " tag="700"><subfield code="a">Zaorsky, Nicholas G.,</subfield><subfield code="e">editor,</subfield><subfield code="e">illustrator.</subfield></datafield><datafield ind1="1" ind2=" " tag="700"><subfield code="a">Trabulsi, Edouard J.,</subfield><subfield code="e">editor.</subfield></datafield><datafield ind1=" " ind2="0" tag="830"><subfield code="a">Current multidisciplinary oncology.</subfield></datafield><datafield ind1="4" ind2="0" tag="856"><subfield code="3">University of Alberta Access</subfield><subfield code="u">http://lib.myilibrary.com/detail.asp?ID=687731</subfield><subfield code="z">(Single User Access)</subfield></datafield><datafield ind1=" " ind2=" " tag="949"><subfield code="w">ORDER</subfield><subfield code="h">UAIN</subfield><subfield code="z">PDACOUTTS</subfield></datafield><datafield ind1=" " ind2=" " tag="926"><subfield code="a">Internet Access</subfield><subfield code="w">LC</subfield><subfield code="c">1</subfield><subfield code="i">6788506-1001</subfield><subfield code="l">INTERNET</subfield><subfield code="m">UAINTERNET</subfield><subfield code="r">Y</subfield><subfield code="s">Y</subfield><subfield code="t">E-RESOURCE</subfield><subfield code="u">1/23/2015</subfield><subfield code="x">E-BOOK</subfield><subfield code="z">PDAOWNED</subfield></datafield></record>